@online{Linux:1,
  author = {Wikipedia},
  title = {Linux},
  year = 2022,
  url = {https://en.wikipedia.org/wiki/Linux},
  note = {Last Edited: 05-09-2022}
}

@online{whyLinux:2,
  title = {Reasons Why Linux Is Better Than Windows},
  author = {Sadman Kabir Soumik},
  year = 2021,
  url = {https://medium.com/swlh/13-reasons-why-linux-is-better-than-windows-6fa304454ae},
  note = {Published: 21-01-2021}
}

@online{whyLinux:3,
  author = {mrNayaNi},
  title = {Why (Many) Programmers Prefer Linux Over Windows},
  year = 2021,
  note = {Published: 10-01-2021},
  url = {https://www.cybrary.it/blog/0p3n/programmers-prefer-linux-windows/}
}

@online{Bash:4,
  author = {Wikipedia},
  title = {Bash (Unix Shell)},
  year = 2022,
  note = {Last Edited: 01-09-2022},
  url = {https://en.wikipedia.org/wiki/Bash_(Unix_shell)}
}

@online{LinuxBash:5,
  author = {JavaTpoint},
  title = {Linux Bash},
  url = {https://www.javatpoint.com/linux-bash}
}

@online{tr:6,
  author = {Bosko Marijan},
  title = {Linux tr Command with Examples},
  year = 2022,
  note = {Published : 10-05-2022},
  url = {https://phoenixnap.com/kb/linux-tr}
}

@online{Sed:7,
  author = {Bruce Barnett},
  title = {Sed - An Introduction and Tutorial},
  publisher = {Sun Observer},
  year = 1994,
  note = {Last Modified: Mon Dec 7 10:13:59 2020},
  url = {https://www.grymoire.com/Unix/Sed.html}
}

@online{Sed:8,
  author = {Akshay Rajput and Mohak Agrawal (GeeksforGeeks)},
  title = {Sed Command in Linux/Unix with examples},
  note = {Last Updated: 21 Dec, 2021},
  url = {https://www.geeksforgeeks.org/sed-command-in-linux-unix-with-examples/}
}

@online{Awk:9,
  author = {Wikipedia},
  title = {AWK},
  note = {Last Edited: 25 August 2022, at 08:50 (UTC)},
  url = {https://en.wikipedia.org/wiki/AWK}
}

@MISC{fig:Awk,
    author = {{Wikipedia, the free encyclopedia}},
    title = {AWK},
    note = {[Online; accessed September 5 , 2022]},
    url = {https://upload.wikimedia.org/wikipedia/commons/d/d5/The-AWK-Programming-Language.svg}
}

@online{Awk:10,
  author = { Anshika Goyal and Praveen Negi (GeeksforGeeks)},
  title = {AWK command in Unix/Linux with examples},
  note = {Last Updated : 17 Jun, 2022},
  url = {https://www.geeksforgeeks.org/awk-command-unixlinux-examples/}
}
